<?xml version="1.0" encoding="UTF-8"?><collection xmlns="http://www.loc.gov/MARC21/slim"><record><leader>00346nam--2200121-i-4500</leader><controlfield tag="001">000017135</controlfield><controlfield tag="002">20161230</controlfield><controlfield tag="005">20161230201032</controlfield><controlfield tag="008">060222s1000------------r-----000-0-eng-d</controlfield><datafield ind1=" " ind2=" " tag="080"><subfield code="a">061.62(51):001.891:53</subfield></datafield><datafield ind1=" " ind2=" " tag="245"><subfield code="a">1991 annual report institute of modern physics, academia sinica</subfield></datafield><datafield ind1=" " ind2=" " tag="260"><subfield code="a">Beijing, Atomic Energy Press, 1992 201 P</subfield></datafield><datafield ind1=" " ind2=" " tag="852"><subfield code="a">80002</subfield></datafield></record></collection>